@misc{cosibas,
    title = {{COSIBAS: Research project}},
    url = {https://itea3.org/project/cosibas.html}
}


@misc{odette,
    title = {{ODETTE: Research Project.}},
    url = {https://www.offis.de/offis/projekt/odette.html}
}



@misc{modelisar,
    title = {{MODELISAR: Research Project}},
    url = {https://itea3.org/project/modelisar.html}
}


@misc{destecs,
    title = {{DESTECS: Research Project}},
    url = {http://destecs.org}
}


@misc{intocps,
    title = {{INTO-CPS: Reseach Project}},
    url = {http://projects.au.dk/into-cps/}
}

@misc{acosar,
    title = {{ACOSAR: Research Project}},
    url = {https://itea3.org/project/acosar.html}
}


@misc{opencps,
    title = {{OpenCPS: Research Project}},
    url = {https://itea3.org/project/opencps.html}
}

@misc{pegasus,
    title = {{PEGASUS: Research Project}},
    url = {https://www.pegasusprojekt.de/en/home}
}

@misc{cyder,
    title = {{CyDER: Research Project}},
    url = {https://www.energy.gov/eere/solar/project-profile-cyder-cyber-physical-co-simulation-platform-distributed-energy-resources}
}

@misc{erigrid,
    title = {{ERIGrid: Research Project}},
    url = {https://erigrid.eu}
}

@misc{emphysis,
    title = {{EMPHYSIS: Research Project}},
    url = {https://itea3.org/project/emphysis.html}
}


