@techreport{INTO-CPS-D2.3a-2017,
  author       = {Frank Zeyda and Ana Cavaclcanti and Jim Woodcock and Julien Ouy},
  title        = {{SysML} Foundations for {INTO-CPS}},
  institution  = {INTO-CPS project},
  type         = {Deliverable},
  number       = {D2.3a, version 1.0},
  month        = {December},
  year         = {2017}
}

@techreport{INTO-CPS-D2.2a-2016,
  author       = {Nuno Am/'{a}lio and Ana Cavalcanti and Alvaro Miyazawa and Richard Payne and Jim Woodcock},
  title        = {Foundations of the {SysML} profile for {CPS} modelling},
  institution  = {INTO-CPS project},
  type         = {Deliverable},
  number       = {D2.2a, version 1.0},
  month        = {December},
  year         = {2016}
}

@techreport{INTO-CPS-D2.1a-2015,
  author       = {Nuno Am/'{a}lio and Richard Payne and Ana Cavalcanti and Etienne Brosse and Jim Woodcock},
  title        = {Foundations of the {SysML} profile for {CPS} modelling},
  institution  = {INTO-CPS project},
  type         = {Deliverable},
  number       = {D2.1a, version 1.0},
  month        = {December},
  year         = {2015}
}

@techreport{OMGSysML2012,
  author       = {OMG},
  institution  = {Object Management Group},
  title        = {{OMG Systems Modeling Language (OMG SysML), Version 1.3}},
  year         = {2012}
}

@article{GomesTBLV2017,
  author      = {Cl{\'{a}}udio Gomes and Casper Thule and David Broman and Peter Gorm Larsen and Hans Vangheluwe},
  title       = {Co-simulation: State of the art},
  journal     = {CoRR},
  volume      = {abs/1702.00686},
  year        = {2017},
}

@article{GomesTBLV2018,
  author      = {Cl{\'{a}}udio Gomes and Casper Thule and David Broman and Peter Gorm Larsen and Hans Vangheluwe},
  title       = {Co-Simulation: {A} Survey},
  journal     = {{ACM} Comput. Surv.},
  volume      = {51},
  number      = {3},
  pages       = {49:1--49:33},
  year        = {2018},
}

@inproceedings{CavalcantiWA16,
  author      = {Ana Cavalcanti and Jim Woodcock and Nuno Am{\'{a}}lio},
  title       = {Behavioural Models for {FMI} Co-simulations},
  editor      = {Augusto Sampaio and Farn Wang},
  booktitle   = {Theoretical Aspects of Computing - {ICTAC} 2016 - 13th International
               Colloquium, Taipei, Taiwan, ROC, October 24-31, 2016, Proceedings},
  series      = {Lecture Notes in Computer Science},
  volume      = {9965},
  pages       = {255--273},
  year        = {2016},
}

@techreport{FMIStandard2014,
  author      = {Functional Mock-Up Interfaace},
  institution = {FMI development group},
  title       = {Functional mock-up interface for model exchange and co-simulation},
  type        = {Technical Report},
  number      = {2.0},
  year        = {2014},
}

@article{WoodcockLBF2009,
  author      = {Jim Woodcock and Peter Gorm Larsen and Juan Bicarregui and John S. Fitzgerald},
  title       = {Formal methods: Practice and experience},
  journal     = {{ACM} Comput. Surv.},
  volume      = {41},
  number      = {4},
  pages       = {19:1--19:36},
  year        = {2009},
}

@inproceedings{NuzzoLFS2018,
  author      = {Pierluigi Nuzzo and Michele Lora and Yishai A. Feldman and Alberto L. Sangiovanni{-}Vincentelli},
  title       = {{CHASE:} Contract-based requirement engineering for cyber-physical system design},
  booktitle   = {2018 Design, Automation {\&} Test in Europe Conference {\&} Exhibition, {DATE} 2018, Dresden, Germany, March 19-23, 2018},
  pages       = {839--844},
  publisher   = {{IEEE}},
  year        = {2018},
}

@article{KublerS2000,
  author      = {R. K\"{u}bler and W. Schiehlen},
  title       = {Two Methods of Simulator Coupling},
  journal     = {Mathematical and Computer Modelling of Dynamical Systems},
  volume      = {6},
  number      = {2},
  pages       = {93--113},
  year        = {2000},
}

@inproceedings{BromanBGLMTW2013,
  author      = {David Broman and Christopher X. Brooks and Lev Greenberg and Edward A. Lee and Michael Masin and Stavros Tripakis and Michael Wetter},
  title       = {Determinate composition of FMUs for co-simulation},
  booktitle   = {Proceedings of the International Conference on Embedded Software, {EMSOFT} 2013, Montreal, QC, Canada, September 29 - Oct. 4, 2013},
  pages       = {2:1--2:12},
  publisher   = {{IEEE}},
  year        = {2013},
}

@book{NipkowK2014,
 author       = {Tobias Nipkow and Gerwin Klein},
 title        = {Concrete Semantics: With Isabelle/HOL},
 year         = {2014},
 publisher    = {Springer},
}

@article{GibsonRobinsonABR2016,
 author       = {Gibson-Thomas Robinson and Philip Armstrong and Alexandre Boulgakov and A. W. Roscoe},
 title        = {FDR3: A Parallel Refinement Checker for CSP},
 journal      = {Int. J. Softw. Tools Technol. Transf.},
 volume       = {18},
 number       = {2},
 month        = {apr},
 pages        = {149--167},
 year         = {2016},
}

@book{Hoare1985,
  author      = {C.A.R. Hoare},
  title       = {Communicating Sequential Processes},
  publisher   = {Prentice Hall},
  series      = {International Series in Computer Science},
  year        = 1985
}

@misc{MathworksURL,
  author      = {{MathWorks} {Inc.}},
  title       = {Simulink},
  note        = {\url{www.mathworks.com/products/simulink}},
}

@article{LiMRCWT2017,
  author      = {Wei Li and Alvaro Miyazawa and Pedro Ribeiro and Ana Cavalcanti and Jim Woodcock and Jon Timmis},
  title       = {From Formalised State Machines to Implementations of Robotic Controllers},
  journal     = {CoRR},
  volume      = {abs/1702.01783},
  year        = {2017},
}

@techreport{MiyazawaCRLWT2016,
  title       = {{R}obo{C}hart {R}eference {M}anual},
  author      = {A.~Miyazawa and A.~Cavalcanti and P.~Ribeiro and W.~Li and J.~Woodcock and J.~Timmis},
  type        = {Technical Report},
  institution = {University of York},
  month       = {feb},
  year        = {2016},
}

@inproceedings{MarriottZC2012,
  author      = {Chris Marriott and Frank Zeyda and Ana Cavalcanti},
  title       = {A Tool Chain for the Automatic Generation of Circus Specifications of Simulink Diagrams},
  booktitle   = {Abstract State Machines, Alloy, B, VDM, and {Z} - Third International Conference, {ABZ} 2012, Pisa, Italy, June 18-21, 2012. Proceedings},
  editor      = {John Derrick and John S. Fitzgerald and Stefania Gnesi and Sarfraz Khurshid and Michael Leuschel and Steve Reeves and Elvinia Riccobene},
  series      = {Lecture Notes in Computer Science},
  volume      = {7316},
  pages       = {294--307},
  publisher   = {Springer},
  year        = {2012},
}

@inproceedings{CavalcantiMW2013,
  author      = {Ana Cavalcanti and Alexandre Mota and Jim Woodcock},
  title       = {Simulink Timed Models for Program Verification},
  booktitle   = {Theories of Programming and Formal Methods - Essays Dedicated to Jifeng He on the Occasion of His 70th Birthday},
  editor      = {Zhiming Liu and Jim Woodcock and Huibiao Zhu},
  series      = {Lecture Notes in Computer Science},
  volume      = {8051},
  pages       = {82--99},
  publisher   = {Springer},
  year        = {2013},
}

@article{DaviesC2003,
  author      = {Jim Davies and Charles Crichton},
  title       = {Concurrency and Refinement in the Unified Modeling Language},
  journal     = {Formal Asp. Comput.},
  volume      = {15},
  number      = {2-3},
  pages       = {118--145},
  year        = {2003},
}

@inproceedings{RaschW2005,
  author      = {Holger Rasch and Heike Wehrheim},
  title       = {Checking the Validity of Scenarios in {UML} Models},
  booktitle   = {Formal Methods for Open Object-Based Distributed Systems, 7th {IFIP} {WG} 6.1 International Conference, {FMOODS} 2005, Athens, Greece, June 15-17, 2005, Proceedings},
  pages       = {67--82},
  editor      = {Martin Steffen and Gianluigi Zavattaro},
  series      = {Lecture Notes in Computer Science},
  volume      = {3535},
  publisher   = {Springer},
  year        = {2005},
}

@techreport{MiyazawaRLCTW2016,
  authors     = {A. Miyazawa and P. Ribeiro and W. Li and A. L. C. Cavalcanti and J. Timmis and J. C. P. Woodcock},
  title       = {{RoboChart}: a State-Machine Notation for Modelling and Verification of Mobile and Autonomous Robots},
  type        = {Technical Report},
  institution = {University of York},
  year        = {2016},
}