

,-------------------.
|     PREAMBLE      |
`-------------------'

@preamble{ " \newcommand{\noop}[1]{} "
}

,-------------------.
|  BIBTEX ENTRIES   |
`-------------------'

@techreport{INTOCPSD4.3a,
  author =        {Victor Bandur and Peter Gorm Larsen and
                   Kenneth Lausdahl and Casper Thule and
                   Anders Franz Terkelsen and Carl Gamble and Adrian Pop and
                   Etienne Brosse and J{\"o}rg Brauer and
                   Florian Lapschies and Marcel Groothuis and
                   Christian Kleijn and Luis Diogo Couto},
  institution =   {{INTO-CPS} Deliverable, D4.3a},
  key =           {INTO-CPS-D4.3a},
  month =         {December},
  title =         {{{INTO-CPS} Tool Chain User Manual}},
  year =          {2017},
  annote =        {},
}

@techreport{INTOCPSD3.6,
  author =        {Martin Mansfield and Carl Gamble and Ken Pierce and
                   John Fitzgerald and Simon Foster and Casper Thule and
                   Rene Nilsson},
  institution =   {{INTO-CPS} Deliverable, D3.6},
  key =           {INTO-CPS-D3.6},
  month =         {December},
  title =         {{Examples Compendium 3}},
  year =          {2017},
  annote =        {},
}

@techreport{INTOCPSD1.3a,
  author =        {Julien Ouy and Thierry Lecomte and
                   Frederik Forchhammer Foldager and
                   Andres Villa Henriksen and Ole Green and
                   Stefan Hallerstede and Peter Gorm Larsen and
                   Luis Diogo Couto and Pasquale Antonante and
                   Stylianos Basagiannis and Sara Falleni and
                   Hassan Ridouane and Hajer Saada and Erica Zavaglio and
                   Christian K{\"{o}}nig and Natalie Balcu},
  institution =   {{INTO-CPS} Public Deliverable, D1.3a},
  key =           {INTO-CPS-D1.3a},
  month =         {December},
  title =         {{Case Studies 3, Public Version}},
  year =          {2017},
  annote =        {},
}

@article{Fitzgerald&13b,
  author =        {John Fitzgerald and Peter Gorm Larsen and Ken Pierce and
                   Marcel Verhoef},
  journal =       {Mathematical Structures in Computer Science},
  key =           {Fitzgerald\&13},
  number =        {4},
  pages =         {726--750},
  publisher =     {{Cambridge University Press}},
  title =         {{A Formal Approach to Collaborative Modelling and
                   Co-simulation for Embedded Systems}},
  volume =        {23},
  year =          {2013},
}

@techreport{INTOCPSD31a,
  author =        {John Fitzgerald and Carl Gamble and Richard Payne and
                   Ken Pierce},
  institution =   {{INTO-CPS} Deliverable, D3.1a},
  key =           {INTO-CPS-D3.1a},
  month =         {December},
  title =         {{Method Guidelines 1}},
  year =          {2015},
  annote =        {},
}

@techreport{INTOCPSD3.2a,
  author =        {John Fitzgerald and Carl Gamble and Richard Payne and
                   Ken Pierce},
  institution =   {{INTO-CPS} Deliverable, D3.2a},
  key =           {INTO-CPS-D3.2a},
  month =         {December},
  title =         {{Method Guidelines 2}},
  year =          {2016},
  annote =        {},
}

@techreport{INCOSEseh15,
  author =        {{INCOSE}},
  institution =   {{International Council on Systems Engineering
                   (INCOSE)}},
  key =           {INCOSEseh15},
  month =         {January},
  number =        {{INCOSE-TP-2003-002-04}},
  title =         {{Systems Engineering Handbook. A Guide for System
                   Life Cycle Processes and Activities, Version 4.0.}},
  year =          {2015},
}

@techreport{Broenink&12b,
  author =        {Jan F. Broenink and John Fitzgerald and Carl Gamble and
                   Claire Ingram and Angelika Mader and Jelena Marincic and
                   Yunyun Ni and Ken Pierce and Xiaochen Zhang},
  institution =   {The DESTECS Project (INFSO-ICT-248134)},
  key =           {Broenink\&12b},
  month =         {October},
  title =         {Methodological Guidelines 3},
  year =          {2012},
}

@book{Thompson13,
  editor =        {Haydn Thompson},
  key =           {Thompson13},
  month =         {December},
  publisher =     {European Commission Unit A3 - DG CONNECT},
  title =         {Cyber-Physical Systems: Uplifting Europe's Innovation
                   Capacity},
  year =          {2013},
}

@techreport{Deka&15,
  author =        {Lipika Deka and Zoe Andrews and Jeremy Bryans and
                   Michael Henshaw and John Fitzgerald},
  institution =   {The TAMS4CPS Project},
  key =           {Deka&15},
  month =         {April},
  title =         {D1.1 Definitional Framework},
  year =          {2015},
}

@techreport{Holt&14,
  author =        {J. Holt and C. Ingram and A. Larkham and
                   R. Lloyd Stevens and S. Riddle and A. Romanovsky},
  editor =        {C. Ingram and A. Romanovsky},
  institution =   {{COMPASS} Deliverable, D11.3},
  key =           {Holt&14},
  month =         {September},
  title =         {Convergence Report 3},
  year =          {2014},
}

@book{Amerongen10,
  author =        {Job van Amerongen},
  key =           {Amerongen10},
  publisher =     {Controllab Products, Enschede, Netherlands},
  title =         {Dynamical Systems for Creative Technology},
  year =          {2010},
  isbn =          {978-90-79499-07-6},
}

@book{Fitzgerald&98b,
  address =       {The Edinburgh Building, Cambridge CB2 2RU, UK},
  author =        {John Fitzgerald and Peter Gorm Larsen},
  key =           {Fitzgerald\&98},
  note =          {ISBN 0-521-62348-0},
  publisher =     {Cambridge University Press},
  title =         {{Modelling Systems -- Practical Tools and Techniques
                   in Software Development}},
  year =          {1998},
  annote =        {},
  doi =           {10.1145/1668862.1668879},
}

@book{Fitzgerald&14c,
  editor =        {John Fitzgerald and Peter Gorm Larsen and
                   Marcel Verhoef},
  key =           {Fitzgerald\&14},
  publisher =     {Springer},
  title =         {Collaborative Design for Embedded Systems --
                   Co-modelling and Co-simulation},
  year =          {2014},
  annote =        {},
  doi =           {10.1007/978-3-642-54118-6},
  isbn =          {978-3-642-54117-9},
  url =           {http://link.springer.com/book/10.1007/978-3-642-54118-6},
}

@techreport{Payne&10,
  author =        {Richard J. Payne and John S. Fitzgerald},
  institution =   {School of Computing Science, Newcastle University},
  month =         {December},
  number =        {CS-TR-1233},
  title =         {{Evaluation of Architectural Frameworks Supporting
                   Contract-based Specification}},
  year =          {2010},
}

@techreport{COMPASSD22.6,
  author =        {Simon Perry and Jon Holt and Richard Payne and
                   Jeremy Bryans and Claire Ingram and Alvaro Miyazawa and
                   Lu{\'i}s Diogo Couto and Stefan Hallerstede and
                   Anders Kaels Malmos and Juliano Iyoda and
                   Marcio Cornelio and Jan Peleska},
  editor =        {Simon Perry},
  institution =   {{COMPASS} Deliverable, D22.6},
  month =         {September},
  note =          {Available at http://www.compass-research.eu/},
  title =         {{Final Report on SoS Architectural Models}},
  year =          {2014},
}

@techreport{INTOCPSD2.1a,
  author =        {Nuno Amalio and Richard Payne and Ana Cavalcanti and
                   Etienne Brosse},
  institution =   {{INTO-CPS} Deliverable, D2.1a},
  key =           {INTO-CPS-D2.1a},
  month =         {December},
  title =         {{Foundations of the SysML profile for CPS modelling}},
  year =          {2015},
  annote =        {},
}

@article{Nielsen&13,
  author =        {Claus Ballegaard Nielsen and Peter Gorm Larsen and
                   John Fitzgerald and Jim Woodcock and Jan Peleska},
  journal =       {Submitted to ACM Computing Surveys},
  key =           {Nielsen\&13},
  month =         {June},
  title =         {Model-based Engineering of Systems of Systems},
  year =          {2013},
  annote =        {},
  url =           {},
}

@misc{FMIStandard2.0,
  author =        {Torsten Blochwitz},
  howpublished =  {\url{https://www.fmi-standard.org/downloads}},
  key =           {FMIv2.0},
  month =         {July},
  title =         {{Functional Mock-up Interface for Model Exchange and
                   Co-Simulation}},
  year =          {2014},
  annote =        {},
}

@inproceedings{Gotel&94,
  author =        {Orlena C.Z. Gotel and Anthony C.W. Finkelstein},
  booktitle =     {Proc. 1st Intl. Conf. on Requirements Engineering},
  key =           {Gotel\&94},
  month =         {April},
  pages =         {94-101},
  title =         {An Analysis of the Requirements Traceability Problem},
  year =          {1994},
}

@techreport{Moreau&13,
  author =        {Luc Moreau and Paul Groth},
  institution =   {World Wide Web Consortium},
  title =         {{PROV-Overview}},
  year =          {2013},
  url =           {http://www.w3.org/TR/2013/NOTE-prov-overview-20130430/},
}

@techreport{Utting&06,
  author =        {Mark Utting and Alexander Pretschner and
                   Bruno Legeard.},
  institution =   {Department of Computer Science, University of
                   Waikato, Hamilton, New Zealand},
  key =           {Utting&06},
  number =        {04/2006},
  title =         {A Taxonomy of Model-Based Testing},
  year =          {2006},
}

@techreport{Coleman&13b,
  author =        {Joey Coleman and Anders Kaels Malmos and Luis Couto and
                   Peter Gorm Larsen and Richard Payne and Simon Foster and
                   Uwe Schulze and Adalberto Cajueiro},
  institution =   {{COMPASS} Deliverable, D31.3a},
  key =           {COMPASSD31.3a},
  month =         {December},
  title =         {Third release of the {COMPASS} Tool --- Symphony IDE
                   User Manual},
  year =          {2013},
  annote =        {},
}

@techreport{DO178B,
  address =       {1140 Connecticut Avenue, N.W., Suite 1020,
                   Washington, D.C. 20036},
  author =        {RTCA SC-167/EUROCAE WG-12},
  institution =   {RTCA Inc},
  key =           {DO-178B},
  month =         {December},
  number =        {RTCA/DO-178B},
  title =         {{Software Considerations in Airborne Systems and
                   Equipment Certification}},
  year =          {1992},
  annote =        {},
}

@book{Clarke&99,
  author =        {E. Clarke and O. Grumberg and D. Peled},
  publisher =     {The MIT Press},
  title =         {{Model Checking}},
  year =          {1999},
}

@inproceedings{Pnueli77,
  author =        {Amir Pnueli},
  booktitle =     {18th Symposium on the Foundations of Computer
                   Science},
  key =           {Pnueli77},
  month =         {November},
  pages =         {46--57},
  publisher =     {ACM},
  title =         {{The Temporal Logic of Programs}},
  year =          {1977},
  annote =        {},
}

@inproceedings{Clarke&81,
  author =        {E. M. Clarke and A. E. Emerson},
  booktitle =     {IBM Logics of Programs Workshop},
  key =           {Clarke\&81},
  publisher =     {Springer Verlag},
  title =         {Design and synthesis of synchronization skeletons
                   using branching time temporal Logic},
  volume =        {LNCS 131},
  year =          {1981},
  annote =        {},
}

@article{Clarke&01,
  author =        {Edmund M. Clarke and Armin Biere and Richard Raimi and
                   Yunshan Zhu},
  journal =       {Formal Methods in System Design},
  key =           {Clarke&01},
  number =        {1},
  pages =         {7--34},
  title =         {{Bounded Model Checking Using Satisfiability
                   Solving}},
  volume =        {19},
  year =          {2001},
}

@inproceedings{Clarke&04,
  author =        {Edmund M. Clarke and Daniel Kroening and
                   Jo{\"{e}}l Ouaknine and Ofer Strichman},
  booktitle =     {5th International Conference on Verification, Model
                   Checking, and Abstract Interpretation (VMCAI 2004)},
  key =           {Clarke&04},
  pages =         {85--96},
  publisher =     {Springer},
  series =        {Lecture Notes in Computer Science},
  title =         {{Completeness and Complexity of Bounded Model
                   Checking}},
  volume =        {2937},
  year =          {2004},
}

@article{Clarke&05,
  author =        {Edmund M. Clarke and Daniel Kroening and
                   Jo{\"{e}}l Ouaknine and Ofer Strichman},
  journal =       {{STTT}},
  key =           {Clarke&05},
  number =        {2},
  pages =         {174--183},
  title =         {Computational Challenges in Bounded Model Checking},
  volume =        {7},
  year =          {2005},
}

@book{Kroening&08,
  author =        {Daniel Kroening and Ofer Strichman},
  key =           {Kroening\&08},
  publisher =     {Springer},
  series =        {Texts in Theoretical Computer Science. An {EATCS}
                   Series},
  title =         {Decision Procedures - An Algorithmic Point of View},
  year =          {2008},
}

@inproceedings{Clarke&03,
  author =        {E.M.\ Clarke and H.\ Veith},
  booktitle =     {Verification: Theory and Practice, Essays Dedicated
                   to Zohar Manna on the Occasion of His 64th Birthday},
  pages =         {208--224},
  publisher =     {Springer},
  series =        {Lecture Notes in Computer Science},
  title =         {Counterexamples Revisited: Principles, Algorithms,
                   Applications},
  volume =        {2772},
  year =          {2003},
}

@inproceedings{Fritzson&98,
  author =        {Peter Fritzson and Vadim Engelson},
  booktitle =     {ECCOP '98: Proceedings of the 12th European
                   Conference on Object-Oriented Programming},
  key =           {Fritzson\&98},
  pages =         {67--90},
  publisher =     {Springer-Verlag},
  title =         {{Modelica - A Unified Object-Oriented Language for
                   System Modelling and Simulation}},
  year =          {1998},
  isbn =          {3-540-64737-6},
  url =           {http://www.modelica.org/documents/ModelicaSpec32.pdf},
}

@techreport{SysML12,
  institution =   {SysML Modelling team},
  key =           {SysML1.3},
  month =         {June},
  note =          {http://www.omg.org/spec/SysML/1.3/},
  number =        {Version 1.3},
  title =         {{OMG Systems Modeling Language (OMG
                   SysML$^{\mathrm{TM}}$)}},
  year =          {2012},
  annote =        {},
}

@book{Nielson&92,
  author =        {Hanne Riis Nielson and Flemming Nielson},
  key =           {Nielson\&92},
  publisher =     {John Wiley \& Sons Ltd},
  title =         {Semantics With Applications -- A Formal Introduction},
  year =          {1992},
  annote =        {},
}

@techreport{Plotkin81,
  author =        {Plotkin, Gordon D.},
  institution =   {Aarhus University},
  key =           {Plotkin81},
  number =        {DAIMI FN-19},
  title =         {A structural approach to operational semantics},
  year =          {1981},
}

@techreport{Scott&71,
  author =        {Dana Scott and Christopher Strachey},
  institution =   {Oxford Programming Research Group Technical
                   Monograph},
  key =           {Scott&71},
  number =        {PRG-6},
  title =         {Towards a mathematical semantics for computer
                   language},
  year =          {1971},
}

@book{Hoare&98,
  author =        {Tony Hoare and He Jifeng},
  key =           {Hoare\&98},
  month =         {April},
  publisher =     {Prentice Hall},
  title =         {{Unifying Theories of Programming}},
  year =          {1998},
  annote =        {},
  doi =           {10.1007/11768173},
  isbn =          {ISBN-10: 0134587618},
}

@book{Hoare85,
  address =       {Englewood Cliffs, New Jersey 07632},
  author =        {Tony Hoare},
  key =           {Hoare85},
  publisher =     {Prentice-Hall International},
  title =         {{Communication Sequential Processes}},
  year =          {1985},
  annote =        {This is a masterpiece which can be used as reference
                   manual on parallel programming.},
}

@incollection{Jifeng94,
  address =       {Hertfordshire, UK, UK},
  author =        {He Jifeng},
  chapter =       {From {CSP} to Hybrid Systems},
  editor =        {Roscoe, A. W.},
  pages =         {171--189},
  publisher =     {Prentice Hall International (UK) Ltd.},
  title =         {A Classical Mind},
  year =          {1994},
  isbn =          {0-13-294844-3},
  url =           {http://dl.acm.org/citation.cfm?id=197600.197614},
}

@book{Back&98,
  author =        {Ralph-Johan Back and Joakim Wright},
  key =           {Back\&98},
  publisher =     {Springer},
  title =         {Refinement Calculus: A Systematic Introduction},
  year =          {1998},
  annote =        {},
}

@book{Morgan90a,
  address =       {London, UK},
  author =        {Carroll Morgan},
  key =           {Morgan90},
  publisher =     {Prentice-Hall},
  title =         {Programming from Specifications},
  year =          {1990},
  annote =        {},
}

@book{Bicarregui&94,
  author =        {Juan Bicarregui and John Fitzgerald and Peter Lindsay and
                   Richard Moore and Brian Ritchie},
  key =           {Bicarregui\&94},
  note =          {ISBN 3-540-19813-X},
  publisher =     {Springer-Verlag},
  series =        {FACIT},
  title =         {{Proof in VDM: A Practitioner's Guide}},
  year =          {1994},
  annote =        {This book is a tutorial on the process of formal
                   reasoning in VDM. It discusses how to go about about
                   building proofs and provides the most complete set of
                   proof rules for VDM-SL to date.},
}

@techreport{INTOCPSD5.3e,
  author =        {Carl Gamble},
  institution =   {{INTO-CPS} Deliverable, D5.3e},
  key =           {INTO-CPS-D5.3e},
  month =         {December},
  title =         {{Comprehensive DSE Support}},
  year =          {2017},
  annote =        {},
}

@techreport{INTOCPSD5.3c,
  author =        {J{\"o}rg Brauer and Miran Hasanagic},
  institution =   {{INTO-CPS} Deliverable, D5.3c},
  key =           {INTO-CPS-D5.3c},
  month =         {December},
  title =         {{Implementation of a model-checking component}},
  year =          {2017},
  annote =        {},
}

@techreport{INTOCPSD2.3a,
  author =        {Frank Zeyda and Ana Cavalcanti and Jim Woodcock and
                   Julien Ouy},
  institution =   {{INTO-CPS} Deliverable, D2.3a},
  key =           {INTO-CPS-D2.3a},
  month =         {December},
  title =         {{SysML Foundations: Case Study}},
  year =          {2017},
  annote =        {},
}

@techreport{INTOCPSD2.3b,
  author =        {Ana Cavalcanti and Simon Foster and Bernhard Thiele and
                   Jim Woodcock and Frank Zeyda},
  institution =   {{INTO-CPS} Deliverable, D2.3b},
  key =           {INTO-CPS-D2.3b},
  month =         {December},
  title =         {{Final Semantics of Modelica}},
  year =          {2017},
  annote =        {},
}

@techreport{INTOCPSD2.3c,
  author =        {Frank Zeyda and Simon Foster and Ana Cavalcanti and
                   Jim Woodcock and Julien Ouy},
  institution =   {{INTO-CPS} Deliverable, D2.3c},
  key =           {INTO-CPS-D2.3c},
  month =         {December},
  title =         {{A Mechanised FMI Semantics}},
  year =          {2017},
  annote =        {},
}

@techreport{INTOCPSD2.3d,
  author =        {Ana Cavalcanti and Simon Foster and Jim Woodcock and
                   Frank Zeyda},
  institution =   {{INTO-CPS} Deliverable, D2.3d},
  key =           {INTO-CPS-D2.3d},
  month =         {December},
  title =         {{Multi-Model Linking Semantics}},
  year =          {2017},
  annote =        {},
}

@techreport{INTOCPSD3.3b,
  author =        {John Fitzgerald and Carl Gamble and Ken Pierce},
  institution =   {{INTO-CPS} Deliverable, D3.3b},
  key =           {INTO-CPS-D3.3b},
  month =         {December},
  title =         {{Methods Progress Report 3}},
  year =          {2017},
  annote =        {},
}

@techreport{INTOCPSD4.2d,
  author =        {Kenneth Lausdahl and Peter Niermann and Jos H{\"o}ll and
                   Carl Gamble and Oliver M{\"o}lle and Etienne Brosse and
                   Tom Bokhove and Luis Diogo Couto and Adrian Pop},
  institution =   {{INTO-CPS} Deliverable, D4.2d},
  key =           {INTO-CPS-D4.2d},
  month =         {December},
  title =         {{INTO-CPS Traceability Design}},
  year =          {2016},
  annote =        {},
}

@techreport{INTOCPSD4.3d,
  author =        {Christian K{\"{o}}nig and Kenneth Lausdahl and
                   Peter Niermann and Jos H{\"o}ll and Carl Gamble and
                   Oliver M{\"o}lle and Etienne Brosse and Tom Bokhove and
                   Luis Diogo Couto and Adrian Pop},
  institution =   {{INTO-CPS} Deliverable, D4.3d},
  key =           {INTO-CPS-D4.3d},
  month =         {December},
  title =         {{INTO-CPS Traceability Implementation}},
  year =          {2017},
  annote =        {},
}

@inproceedings{Wiesner&14,
  author =        {Wiesner, Stefan and Gorldt, Christian and
                   Soeken, Mathias and Thoben, Klaus-Dieter and
                   Drechsler, Rolf},
  pages =         {281-288},
  publisher =     {Springer},
  series =        {IFIP Advances in Information and Communication
                   Technology},
  title =         {Requirements Engineering for Cyber-Physical Systems -
                   Challenges in the Context of "Industrie 4.0".},
  volume =        {438},
  year =          {2014},
}

@inproceedings{Penzenstadler&12,
  author =        {Birgit Penzenstadler and Jonas Eckhardt},
  booktitle =     {RESS},
  pages =         {20-29},
  title =         {{A Requirements Engineering content model for
                   Cyber-Physical Systems}},
  year =          {2012},
}

@inproceedings{Lewis&09,
  author =        {Grace A. Lewis and Edwin Morris and Patrick Place and
                   Soumya Simanta and Dennis B. Smith},
  booktitle =     {Systems Conference, 2009 3rd Annual IEEE},
  key =           {Lewis&09},
  month =         {March},
  organization =  {IEEE},
  pages =         {247--252},
  title =         {{Requirements Engineering for Systems of Systems}},
  year =          {2009},
}

@article{Holt&15,
  author =        {Jon Holt and Simon Perry and Richard Payne and
                   Jeremy Bryans and Stefan Hallerstede and
                   Finn Overgaard Hansen},
  journal =       {{IEEE} Systems Journal},
  number =        {1},
  pages =         {252--262},
  title =         {A Model-Based Approach for Requirements Engineering
                   for Systems of Systems},
  volume =        {9},
  year =          {2015},
  doi =           {10.1109/JSYST.2014.2312051},
  url =           {http://dx.doi.org/10.1109/JSYST.2014.2312051},
}

@techreport{INTOCPSD31b,
  author =        {John Fitzgerald and Carl Gamble and Richard Payne and
                   Ken Pierce},
  institution =   {{INTO-CPS} Deliverable, D3.1b},
  key =           {INTO-CPS-D3.1b},
  month =         {December},
  title =         {{Methods Progress Report 1}},
  year =          {2015},
  annote =        {},
}

@techreport{INTOCPSD2.2a,
  author =        {Nuno Amalio and Ana Cavalcanti and Alvaro Miyazawa and
                   Richard Payne and Jim Woodcock},
  institution =   {{INTO-CPS} Deliverable, D2.2a},
  key =           {INTO-CPS-D2.2a},
  month =         {December},
  title =         {{Foundations of the SysML for CPS modelling}},
  year =          {2016},
  annote =        {},
}

@techreport{INTOCPSD41c,
  author =        {Etienne Brosse and Imran Quadri},
  institution =   {{INTO-CPS} Deliverable, D4.1c},
  key =           {INTO-CPS-D4.1c},
  month =         {December},
  title =         {{COE Contracts from SysML}},
  year =          {2015},
  annote =        {},
}

@techreport{INTOCPSD4.2c,
  author =        {Etienne Brosse and Imran Quadri},
  institution =   {{INTO-CPS} Deliverable, D4.2c},
  key =           {INTO-CPS-D4.2c},
  month =         {December},
  title =         {{SysML and FMI in INTO-CPS}},
  year =          {2016},
  annote =        {},
}

@techreport{INTOCPSD4.3c,
  author =        {Etienne Brosse},
  institution =   {{INTO-CPS} Deliverable, D4.3c},
  key =           {INTO-CPS-D4.3c},
  month =         {December},
  title =         {{SysML and FMI in INTO-CPS}},
  year =          {2017},
  annote =        {},
}

@book{Fitzgerald&13a,
  editor =        {John Fitzgerald and Peter Gorm Larsen and
                   Marcel Verhoef},
  key =           {Fitzgerald\&13},
  publisher =     {Springer},
  title =         {Collaborative Design for Embedded Systems --
                   Co-modelling and Co-simulation},
  year =          {2013},
  annote =        {},
}

@techreport{INTOCPSD3.5,
  author =        {Richard Payne and Carl Gamble and Ken Pierce and
                   John Fitzgerald and Simon Foster and Casper Thule and
                   Rene Nilsson},
  institution =   {{INTO-CPS} Deliverable, D3.5},
  key =           {INTO-CPS-D3.5},
  month =         {December},
  title =         {{Examples Compendium 2}},
  year =          {2016},
  annote =        {},
}

@techreport{INTOCPSD3.2b,
  author =        {John Fitzgerald and Carl Gamble and Richard Payne and
                   Ken Pierce},
  institution =   {{INTO-CPS} Deliverable, D3.2b},
  key =           {INTO-CPS-D3.2b},
  month =         {December},
  title =         {{Methods Progress Report 2}},
  year =          {2016},
  annote =        {},
}

@inproceedings{diaz07initial,
  author =        {Diaz-Gomez, Pedro A and Hougen, Dean F},
  booktitle =     {GEM},
  pages =         {43--49},
  title =         {Initial Population for Genetic Algorithms: A Metric
                   Approach.},
  year =          {2007},
}

@inproceedings{Fitzgerald&17a,
  address =       {Adelaide, Australia},
  author =        {John Fitzgerald and Carl Gamble and Richard Payne and
                   Benjamin Lam},
  booktitle =     {{Proc. INCOSE Intl. Symp. on Systems Engineering}},
  editor =        {},
  key =           {Fitzgerald&17a},
  number =        {1},
  pages =         {371--385},
  title =         {{Exploring the Cyber-Physical Design Space}},
  volume =        {27},
  year =          {2017},
  doi =           {10.1002/j.2334-5837.2017.00366.x},
  issn =          {2334-5837},
  url =           {http://dx.doi.org/10.1002/j.2334-5837.2017.00366.x},
}

%G INTOCPSASSOCIATION
@TECHREPORT{Pierce&18,
  AUTHOR        = "Ken Pierce and John Fitzgerald and Carl Gamble and Martin Mansfield and Richard Payne and Peter Gorm Larsen",
  TITLE         = "INTO-CPS Method Guidelines",
  INSTITUTION   = "INTO-CPS Association",
  YEAR          = "2018",
  MONTH         = "September",
  URL         = "\url{www.into-cps.org}",
  ANNOTE        = "",
  COMMENT       = ""}

%G INTOCPSASSOCIATION
@TECHREPORT{Larsen&18a,
  AUTHOR        = "Peter Gorm Larsen and Victor Bandur and Kenneth Lausdahl and Casper Thule and Carl Gamble and Richard Payne and Adrian Pop and Etienne Brosse and J{\"o}rg Brauer and Florian Lapschies and Marcel Groothuis and Tom Bokhove and Christian Kleijn and Luis Diogo Couto and Christian K{\"{o}}nig",
  TITLE         = "INTO-CPS Tool Chain User Manual",
  INSTITUTION   = "INTO-CPS Association",
  YEAR          = "2018",
  MONTH         = "September",
  URL         = "\url{www.into-cps.org}",
  ANNOTE        = ""}

%G INTOCPSASSOCIATION
@TECHREPORT{Larsen&18b,
  AUTHOR        = "Peter Gorm Larsen and John Fitzgerald andJim Woodcock andChristian K{\"{o}}nig and Stylianos Basagiannis and Etienne Brosse and Claudio Gomes and Jos\'{e} Cabral and Hugo Daniel Macedo and Casper Thule and Andrey Sadovykh and Constantin-Bala Zamfirescu and Mihai Neghina and Ken Pierce and Carl Gamble and Richard Payne",
  TITLE         = "The INtegrated TOolchain for Cyber-Physical Systems (INTO-CPS): a Guide",
  INSTITUTION   = "INTO-CPS Association",
  YEAR          = "2018",
  MONTH         = "October",
  URL         = "\url{www.into-cps.org}",
  ANNOTE        = "",
  COMMENT       = ""}

