

,-------------------.
|     PREAMBLE      |
`-------------------'

@preamble{ " \newcommand{\noop}[1]{} "
}

,-------------------.
|  BIBTEX ENTRIES   |
`-------------------'

@techreport{INTOCPSD3.4,
  author =        {John Fitzgerald and Carl Gamble and Richard Payne and
                   Ken Pierce and J{\"o}rg Brauer},
  institution =   {{INTO-CPS} Deliverable, D3.4},
  key =           {INTO-CPS-D3.4},
  month =         {December},
  title =         {{Examples Compendium 1}},
  year =          {2015},
  annote =        {},
}

@techreport{INTOCPSD3.5,
  author =        {Richard Payne and Carl Gamble and Ken Pierce and
                   John Fitzgerald and Simon Foster and Casper Thule and
                   Rene Nilsson},
  institution =   {{INTO-CPS} Deliverable, D3.5},
  key =           {INTO-CPS-D3.5},
  month =         {December},
  title =         {{Examples Compendium 2}},
  year =          {2016},
  annote =        {},
}

  @TECHREPORT{INTOCPSD3.6,
  KEY           = "INTO-CPS-D3.6",
  AUTHOR        = "Martin Mansfield and Carl Gamble and Ken Pierce and John Fitzgerald and Simon Foster and Casper Thule and Rene Nilsson",
  TITLE         = "{Examples Compendium 3}",
  INSTITUTION   = "{INTO-CPS} Deliverable, D3.6",
  YEAR          = "2017",
  MONTH         = "December",
  ANNOTE        = "",
  COMMENT       = ""}


@techreport{Ingram&12,
  author =        {Claire Ingram and Ken Pierce and Carl Gamble and
                   Sune Wolff and Martin Peter Christensen and
                   Peter Gorm Larsen},
  institution =   {The DESTECS Project (INFSO-ICT-248134)},
  key =           {Ingram\&12},
  month =         {October},
  title =         {Examples Compendium},
  year =          {2012},
}

@techreport{INTOCPSD5.3e,
  author =        {Carl Gamble},
  institution =   {{INTO-CPS} Deliverable, D5.3e},
  key =           {INTO-CPS-D5.3e},
  month =         {December},
  title =         {{Comprehensive DSE Support}},
  year =          {2017},
  annote =        {},
}

@inproceedings{Peleska&11,
  address =       {Pasadena, CA, USA},
  author =        {Jan Peleska and Elena Vorobev and Florian Lapschies},
  booktitle =     {Nasa Formal Methods, Third International Symposium,
                   NFM 2011},
  editor =        {Mihaela Bobaru and Klaus Havelund and
                   Gerard J. Holzmann and Rajeev Joshi},
  key =           {Peleska\&11},
  month =         {April},
  organization =  {NASA},
  pages =         {298--312},
  publisher =     {Springer LNCS 6617},
  title =         {{Automated Test Case Generation with SMT-Solving and
                   Abstract Interpretation}},
  year =          {2011},
  annote =        {},
  doi =           {10.1007/978-3-642-20398-5\_22},
}

@manual{VSI-mbt-man,
  address =       {Bremen, Germany},
  note =
  {\url{https://www.verified.de/products/model-based-testing/},
  Doc.~Id.~Verified-INT-003-2012},
  organization =  {Verified Systems International GmbH},
  title =         {RT-Tester Model-Based Test Case and Test Data
                   Generator -- RTT-MBT: User Manual},
  year =          {2015},
}

@techreport{INTOCPSD5.3a,
  author =        {Carl Gamble and Oliver M{\"o}ller and Victor Bandur},
  institution =   {{INTO-CPS} Deliverable, D5.3a},
  key =           {INTO-CPS-D5.3a},
  month =         {December},
  title =         {{Test automation module in the INTO-CPS Platform}},
  year =          {2017},
  annote =        {},
}

@techreport{INTOCPSD5.3c,
  author =        {J{\"o}rg Brauer and Miran Hasanagic},
  institution =   {{INTO-CPS} Deliverable, D5.3c},
  key =           {INTO-CPS-D5.3c},
  month =         {December},
  title =         {{Implementation of a model-checking component}},
  year =          {2017},
  annote =        {},
}

@techreport{Grujic&16,
  author =        {Ivan Grujic and Ren\'e Nilsson},
  institution =   {Department of Engineering, Aarhus University},
  key =           {Grujic\&16},
  month =         {January},
  number =        {23},
  title =         {Model-Based Development and Evaluation of Control for
                   Complex Multi-Domain Systems: Attitude Control for a
                   Quadrotor UAV},
  volume =        {4},
  year =          {2016},
}

@inproceedings{Thule&16b,
  address =       {Cyprus, Greece},
  author =        {Casper Thule and Ren\'{e} Nilsson},
  booktitle =     {The 14th Overture Workshop: Towards Analytical Tool
                   Chains},
  editor =        {Peter Gorm Larsen and Nico Plat and Nick Battle},
  key =           {Thule\&16},
  month =         {November},
  note =          {{ECE-TR-28}},
  organization =  {Aarhus University, Department of Engineering},
  pages =         {16--31},
  title =         {{Considering Abstraction Levels on a Case Study}},
  year =          {2016},
  annote =        {},
}

@techreport{INTOCPSD3.3a,
  author =        {John Fitzgerald and Carl Gamble and Ken Pierce},
  institution =   {{INTO-CPS} Deliverable, D3.3a},
  key =           {INTO-CPS-D3.3a},
  month =         {December},
  title =         {{Method Guidelines 3}},
  year =          {2017},
  annote =        {},
}

