

,-------------------.
|     PREAMBLE      |
`-------------------'

@preamble{ " \newcommand{\noop}[1]{} "
}

,-------------------.
|  BIBTEX ENTRIES   |
`-------------------'

@techreport{INTOCPSD4.3a,
  author =        {Victor Bandur and Peter Gorm Larsen and
                   Kenneth Lausdahl and Casper Thule and
                   Anders Franz Terkelsen and Carl Gamble and Adrian Pop and
                   Etienne Brosse and J{\"o}rg Brauer and
                   Florian Lapschies and Marcel Groothuis and
                   Christian Kleijn and Luis Diogo Couto},
  institution =   {{INTO-CPS} Deliverable, D4.3a},
  key =           {INTO-CPS-D4.3a},
  month =         {December},
  title =         {{{INTO-CPS} Tool Chain User Manual}},
  year =          {2017},
  annote =        {},
}

@techreport{INTOCPSD4.3b,
  author =        {Adrian Pop and Victor Bandur and Kenneth Lausdahl and
                   Marcel Groothuis and Tom Bokhove},
  institution =   {{INTO-CPS} Deliverable, D4.3b},
  key =           {INTO-CPS-D4.3b},
  month =         {December},
  title =         {{Final Integration of Simulators in the INTO-CPS
                   Platform}},
  year =          {2017},
  annote =        {},
}

@techreport{INTOCPSD4.2c,
  author =        {Etienne Brosse and Imran Quadri},
  institution =   {{INTO-CPS} Deliverable, D4.2c},
  key =           {INTO-CPS-D4.2c},
  month =         {December},
  title =         {{SysML and FMI in INTO-CPS}},
  year =          {2016},
  annote =        {},
}

@techreport{INTOCPSD4.3c,
  author =        {Etienne Brosse},
  institution =   {{INTO-CPS} Deliverable, D4.3c},
  key =           {INTO-CPS-D4.3c},
  month =         {December},
  title =         {{SysML and FMI in INTO-CPS}},
  year =          {2017},
  annote =        {},
}

@techreport{INTOCPSD2.3a,
  author =        {Frank Zeyda and Ana Cavalcanti and Jim Woodcock and
                   Julien Ouy},
  institution =   {{INTO-CPS} Deliverable, D2.3a},
  key =           {INTO-CPS-D2.3a},
  month =         {December},
  title =         {{SysML Foundations: Case Study}},
  year =          {2017},
  annote =        {},
}

@techreport{INTOCPSD2.2b,
  author =        {Simon Foster and Ana Cavalcanti and Samuel Canham and
                   Ken Pierce and Jim Woodcock},
  institution =   {{INTO-CPS} Deliverable, D2.2b},
  key =           {INTO-CPS-D2.2b},
  month =         {December},
  title =         {{Final Semantics of VDM-RT}},
  year =          {2016},
  annote =        {},
}

@techreport{INTOCPSD2.3b,
  author =        {Ana Cavalcanti and Simon Foster and Bernhard Thiele and
                   Jim Woodcock and Frank Zeyda},
  institution =   {{INTO-CPS} Deliverable, D2.3b},
  key =           {INTO-CPS-D2.3b},
  month =         {December},
  title =         {{Final Semantics of Modelica}},
  year =          {2017},
  annote =        {},
}

@techreport{INTOCPSD2.3c,
  author =        {Frank Zeyda and Simon Foster and Ana Cavalcanti and
                   Jim Woodcock and Julien Ouy},
  institution =   {{INTO-CPS} Deliverable, D2.3c},
  key =           {INTO-CPS-D2.3c},
  month =         {December},
  title =         {{A Mechanised FMI Semantics}},
  year =          {2017},
  annote =        {},
}

@techreport{INTOCPSD3.3a,
  author =        {John Fitzgerald and Carl Gamble and Ken Pierce},
  institution =   {{INTO-CPS} Deliverable, D3.3a},
  key =           {INTO-CPS-D3.3a},
  month =         {December},
  title =         {{Method Guidelines 3}},
  year =          {2017},
  annote =        {},
}

@techreport{INTOCPSD3.6,
  author =        {Martin Mansfield and Carl Gamble and Ken Pierce and
                   John Fitzgerald and Simon Foster and Casper Thule and
                   Rene Nilsson},
  institution =   {{INTO-CPS} Deliverable, D3.6},
  key =           {INTO-CPS-D3.6},
  month =         {December},
  title =         {{Examples Compendium 3}},
  year =          {2017},
  annote =        {},
}

@techreport{INTOCPSD4.3d,
  author =        {Christian K{\"{o}}nig and Kenneth Lausdahl and
                   Peter Niermann and Jos H{\"o}ll and Carl Gamble and
                   Oliver M{\"o}lle and Etienne Brosse and Tom Bokhove and
                   Luis Diogo Couto and Adrian Pop},
  institution =   {{INTO-CPS} Deliverable, D4.3d},
  key =           {INTO-CPS-D4.3d},
  month =         {December},
  title =         {{INTO-CPS Traceability Implementation}},
  year =          {2017},
  annote =        {},
}

@techreport{INTOCPSD5.2a,
  author =        {Adrian Pop and Florian Lapschies and
                   Oliver M{\"o}ller},
  institution =   {{INTO-CPS} Deliverable, D5.2a},
  key =           {INTO-CPS-D5.2a},
  month =         {December},
  title =         {{Test automation module in the INTO-CPS Platform}},
  year =          {2016},
  annote =        {},
}

@techreport{INTOCPSD5.3c,
  author =        {J{\"o}rg Brauer and Miran Hasanagic},
  institution =   {{INTO-CPS} Deliverable, D5.3c},
  key =           {INTO-CPS-D5.3c},
  month =         {December},
  title =         {{Implementation of a model-checking component}},
  year =          {2017},
  annote =        {},
}

@techreport{INTOCPSD5.3d,
  author =        {Victor Bandur and Miran Hasanagic and Adrian Pop and
                   Marcel Groothuis},
  institution =   {{INTO-CPS} Deliverable, D5.3d},
  key =           {INTO-CPS-D5.3d},
  month =         {December},
  title =         {{FMI-Compliant Code Generation in the INTO-CPS Tool
                   Chain}},
  year =          {2017},
  annote =        {},
}

@techreport{INTOCPSD5.3e,
  author =        {Carl Gamble},
  institution =   {{INTO-CPS} Deliverable, D5.3e},
  key =           {INTO-CPS-D5.3e},
  month =         {December},
  title =         {{Comprehensive DSE Support}},
  year =          {2017},
  annote =        {},
}

@techreport{Gomes&17,
  author =        {Gomes, Cl{\'{a}}udio and Thule, Casper and
                   Broman, David and Larsen, Peter Gorm and
                   Vangheluwe, Hans},
  month =         {feb},
  title =         {{Co-simulation: State of the art}},
  year =          {2017},
  url =           {http://arxiv.org/abs/1702.00686},
}

@misc{FMIStandard2.0,
  author =        {Torsten Blochwitz},
  howpublished =  {\url{https://www.fmi-standard.org/downloads}},
  key =           {FMIv2.0},
  month =         {July},
  title =         {{Functional Mock-up Interface for Model Exchange and
                   Co-Simulation}},
  year =          {2014},
  annote =        {},
}

@techreport{INTOCPSD41d,
  author =        {Kenneth Lausdahl and Peter Gorm Larsen and Sune Wolf and
                   Victor Bandur and Anders Terkelsen and
                   Miran Hasanagi\'{c} and Casper Thule Hansen and
                   Ken Pierce and Oliver Kotte and Adrian Pop and
                   Etienne Brosse and J{\"o}rg Brauer and
                   Oliver M{\"o}ller},
  institution =   {{INTO-CPS} Deliverable, D4.1d},
  key =           {INTO-CPS-D4.1d},
  month =         {December},
  title =         {{Design of the INTO-CPS Platform}},
  year =          {2015},
  annote =        {},
}

@article{Larsen&10a,
  address =       {New York, NY, USA},
  author =        {Peter Gorm Larsen and Nick Battle and Miguel Ferreira and
                   John Fitzgerald and Kenneth Lausdahl and
                   Marcel Verhoef},
  journal =       {SIGSOFT Softw. Eng. Notes},
  key =           {Larsen\&10},
  month =         {January},
  number =        {1},
  pages =         {1--6},
  publisher =     {ACM},
  title =         {{The Overture Initiative -- Integrating Tools for
                   VDM}},
  volume =        {35},
  year =          {2010},
  annote =        {},
  doi =           {10.1145/1668862.1668864},
  issn =          {0163-5948},
  url =           {http://doi.acm.org/10.1145/1668862.1668864},
}

@misc{20sim,
  author =        {{Controllab Products B.V.}},
  key =           {{20sim}},
  month =         {{January}},
  note =          {{20-sim official website}},
  title =         {{http://www.20sim.com/}},
  year =          {{2013}},
  annote =        {},
}

@misc{OpenModelica,
  author =        {{Link\"{o}ping University}},
  key =           {{OpenModelica}},
  month =         {{August}},
  note =          {{OpenModelica official website}},
  title =         {{http://www.openmodelica.org/}},
  year =          {{2015}},
  annote =        {},
}

@article{Thule&16c,
  author =        {Thule, Casper and Larsen, Peter Gorm},
  journal =       {Proceedings of the Institute for System Programming
                   of the RAS},
  key =           {Thule\&16c},
  number =        {2},
  pages =         {139--156},
  publisher =     {Proceedings of the Institute for System Programming
                   of the RAS},
  title =         {Investigating Concurrency in the Co-Simulation
                   Orchestration Engine for INTO-CPS},
  volume =        {28},
  year =          {2016},
  url =           {http://www.ispras.ru/en/proceedings/isp_28_2016_2/
                  isp_28_2016_2_139/},
}

@manual{VSI-mbt-man,
  address =       {Bremen, Germany},
  note =
  {\url{https://www.verified.de/products/model-based-testing/},
  Doc.~Id.~Verified-INT-003-2012},
  organization =  {Verified Systems International GmbH},
  title =         {RT-Tester Model-Based Test Case and Test Data
                   Generator -- RTT-MBT: User Manual},
  year =          {2015},
}

@misc{winehq2016,
  author =        {{{Wine community}}},
  key =           {{winehq2016}},
  month =         {{November}},
  note =          {{Wine website}},
  title =         {{https://www.winehq.org/}},
  year =          {{2016}},
  annote =        {},
}

@book{20simReference16a,
  author =        {C. Kleijn and M.A. Groothuis and H.G. Differ},
  key =           {20simReference\&16},
  publisher =     {Controllab Products B.V.},
  title =         {{20-sim 4.6} Reference Manual},
  year =          {2016},
  isbn =          {978-90-79499-19-9},
  url =           {http://www.20sim.com/downloads/files/20simReference46.pdf},
}

@techreport{DESTECSD32b,
  author =        {Lausdahl, Kenneth G. and Ribeiro, Augusto and
                   Visser, Peter and Groen, Frank},
  institution =   {The DESTECS Project (INFSO-ICT-248134)},
  key =           {DESTECSD32b},
  month =         {January},
  number =        {D3.2b},
  type =          {DESTECS Deliverable},
  title =         {D3.2b Co-simulation},
  year =          {2011},
}

@misc{20sim4C,
  author =        {{Controllab Products B.V.}},
  key =           {{20sim4C}},
  month =         {{August}},
  note =          {{20-sim 4C official website}},
  title =         {{http://www.20sim4C.com/}},
  year =          {{2017}},
  annote =        {},
}

@book{20sim4CManual13a,
  author =        {C. Kleijn},
  key =           {20sim4CManual\&13},
  publisher =     {Controllab Products B.V.},
  title =         {{20-sim 4C 2.1} Reference Manual},
  year =          {2013},
  isbn =          {978-90-79499-14-4},
  url =           {http://www.20sim.com/downloads/files/20sim4C21.pdf},
}

@misc{UnityWebsite,
  author =        {Unity Technologies},
  howpublished =  {\url{https://unity3d.com/}},
  key =           {UnityWebsite},
  month =         {December},
  title =         {{Unity}},
  year =          {2016},
  annote =        {},
}

@techreport{INTOCPSD3.2a,
  author =        {John Fitzgerald and Carl Gamble and Richard Payne and
                   Ken Pierce},
  institution =   {{INTO-CPS} Deliverable, D3.2a},
  key =           {INTO-CPS-D3.2a},
  month =         {December},
  title =         {{Method Guidelines 2}},
  year =          {2016},
  annote =        {},
}

@techreport{INTOCPSD3.5,
  author =        {Richard Payne and Carl Gamble and Ken Pierce and
                   John Fitzgerald and Simon Foster and Casper Thule and
                   Rene Nilsson},
  institution =   {{INTO-CPS} Deliverable, D3.5},
  key =           {INTO-CPS-D3.5},
  month =         {December},
  title =         {{Examples Compendium 2}},
  year =          {2016},
  annote =        {},
}

@manual{VSI-rtt-man,
  address =       {Bremen, Germany},
  note =          {\url{https://www.verified.de/products/rt-tester/},
                   Doc.~Id.~Verified-INT-014-2003},
  organization =  {Verified Systems International GmbH},
  title =         {RT-Tester 6.0: User Manual},
  year =          {2015},
}

@techreport{INTOCPSD5.2b,
  author =        {J{\"o}rg Brauer and Florian Lapschies and
                   Oliver M{\"o}ller},
  institution =   {{INTO-CPS} Deliverable, D5.2b},
  key =           {INTO-CPS-D5.2b},
  month =         {December},
  title =         {{Implementation of a Model-Checking Component}},
  year =          {2016},
  annote =        {},
}

@inproceedings{Lausdahl&11,
  address =       {Berlin, Heidelberg},
  author =        {Kenneth Lausdahl and Peter Gorm Larsen and
                   Nick Battle},
  booktitle =     {Proceedings of the 13th international conference on
                   Formal methods and software engineering},
  editor =        {Qin, Shengchao and Qiu, Zongyan},
  key =           {Lausdahl\&11},
  month =         {October},
  note =          {{ISBN 978-3-642-24558-9}},
  pages =         {179--194},
  publisher =     {Springer-Verlag},
  series =        {Lecture Notes in Computer Science},
  title =         {{A Deterministic Interpreter Simulating A Distributed
                   real time system using VDM}},
  volume =        {6991},
  year =          {2011},
  doi =           {10.1007/978-3-642-24559-6\_14},
  url =           {http://dl.acm.org/citation.cfm?id=2075089.2075107},
}

@techreport{INTOCPSD51d,
  author =        {Miran Hasanagi\'{c} and Peter Gorm Larsen and
                   Marcel Groothuis and Despina Davoudani and Adrian Pop and
                   Kenneth Lausdahl and Victor Bandur},
  institution =   {{INTO-CPS} Deliverable, D5.1d},
  key =           {INTO-CPS-D5.1d},
  month =         {December},
  title =         {{Design Principles for Code Generators}},
  year =          {2015},
  annote =        {},
}

@inproceedings{Favre05,
  author =        {Jean-Marie Favre},
  booktitle =     {{Language Engineering for Model-Driven Software
                   Development}},
  key =           {Favre05},
  month =         {March},
  pages =         {},
  title =         {{Foundations of Model (Driven) (Reverse) Engineering
                   : Models -- Episode I: Stories of The Fidus Papyrus
                   and of The Solarus}},
  year =          {2005},
  annote =        {Keywords: models, reverse engineering,
                   transformations},
}

@techreport{Larsen&13a,
  address =       {www.overturetool.org},
  author =        {Peter Gorm Larsen and Kenneth Lausdahl and
                   Peter J\o{}rgensen and Joey Coleman and Sune Wolff and
                   Nick Battle},
  institution =   {The Overture Initiative},
  key =           {Larsen\&13},
  month =         {April},
  number =        {TR-2010-02},
  title =         {{Overture VDM-10 Tool Support: User Guide}},
  year =          {2013},
  annote =        {},
}

@article{Broenink97,
  author =        {Jan F. Broenink},
  journal =       {{Journal A Special Issue CACSD}},
  key =           {Broenink97},
  number =        {3},
  pages =         {22--25},
  title =         {{Modelling, Simulation and Analysis with 20-Sim}},
  volume =        {38},
  year =          {1997},
  annote =        {},
}

@book{Karnopp&68,
  author =        {D.C. Karnopp and R.C. Rosenberg},
  key =           {Karnopp\&68},
  publisher =     {MIT Press, Cambridge, MA, USA},
  title =         {{Analysis and Simulation of Multiport Systems: the
                   bond graph approach to physical system dynamic}},
  year =          {1968},
  annote =        {},
}

@book{20simGettingStarted16,
  author =        {C. Kleijn and M.A. Groothuis},
  key =           {20simGettingStarted\&16},
  publisher =     {Controllab Products B.V.},
  title =         {Getting Started with {20-sim 4.5}},
  year =          {2016},
  isbn =          {978-90-79499-20-5},
  url =           {http://www.20sim.com/downloads/files/
                  20simGettingStarted46.pdf},
}

@book{Fritzson04,
  author =        {Peter Fritzson},
  key =           {Fritzson04},
  month =         {January},
  publisher =     {Wiley-IEEE Press},
  title =         {Principles of Object-Oriented Modeling and Simulation
                   with Modelica 2.1},
  year =          {2004},
}

@inproceedings{Fritzson&98,
  author =        {Peter Fritzson and Vadim Engelson},
  booktitle =     {ECCOP '98: Proceedings of the 12th European
                   Conference on Object-Oriented Programming},
  key =           {Fritzson\&98},
  pages =         {67--90},
  publisher =     {Springer-Verlag},
  title =         {{Modelica - A Unified Object-Oriented Language for
                   System Modelling and Simulation}},
  year =          {1998},
  isbn =          {3-540-64737-6},
  url =           {http://www.modelica.org/documents/ModelicaSpec32.pdf},
}

@misc{OpenModelicaUG15,
  author =        {{Open Source Modelica Consortium}},
  title =         {{OpenModelica User's Guide}},
  url =           {https://openmodelica.org/doc/OpenModelicaUsersGuide/latest/
                  },
}

@inproceedings{Ganeson&12,
  author =        {Anand Ganeson and Peter Fritzson and
                   Olena Rogovchenko and Adeel Asghar and
                   Martin Sj{\"{o}}lund and Andreas Pfeiffer},
  booktitle =     {Proceedings of the 9th International Modelica
                   Conference},
  editor =        {Martin Otter and Dirk Zimmer},
  key =           {Modelica'2012},
  month =         sep,
  publisher =     {Link{\"{o}}ping University Electronic Press},
  title =         {An {OpenModelica} {Python} Interface and its use in
                   PySimulator},
  year =          {2012},
  doi =           {10.3384/ecp12076537},
}

@book{Kroening&08,
  author =        {Daniel Kroening and Ofer Strichman},
  key =           {Kroening\&08},
  publisher =     {Springer},
  series =        {Texts in Theoretical Computer Science. An {EATCS}
                   Series},
  title =         {Decision Procedures - An Algorithmic Point of View},
  year =          {2008},
}

@inproceedings{Pnueli77,
  author =        {Amir Pnueli},
  booktitle =     {18th Symposium on the Foundations of Computer
                   Science},
  key =           {Pnueli77},
  month =         {November},
  pages =         {46--57},
  publisher =     {ACM},
  title =         {{The Temporal Logic of Programs}},
  year =          {1977},
  annote =        {},
}

@article{Biere&06,
  author =        {Biere, Armin and Heljanko, Keijo and
                   Juntilla, Tommi A. and Latvala, Timo and
                   Schuppan, Viktor},
  journal =       {Logical Methods in Computer Science},
  key =           {Biere\&06},
  number =        {5},
  title =         {Linear Encodings of Bounded {LTL} Model Checking},
  volume =        {2},
  year =          {2006},
}

@techreport{rttmbtmanual,
  author =        {{Verified Systems International GmbH}},
  institution =   {{Verified Systems International GmbH}},
  note =          {Available on request from Verified System
                   International GmbH},
  number =        {Verified-INT-003-2012},
  title =         {{RTT-MBT Model-Based Test Generator - RTT-MBT Version
                   9.0-1.0.0 User Manual}},
  year =          {2013},
}

@proceedings{modelica2012,
  booktitle =     {Proceedings of the 9th International Modelica
                   Conference},
  editor =        {Martin Otter and Dirk Zimmer},
  key =           {Modelica'2012},
  month =         sep,
  publisher =     {Link{\"{o}}ping University Electronic Press},
  title =         {Proceedings of the 9th International Modelica
                   Conference},
  year =          {2012},
  doi =           {10.3384/ecp12076},
}

%G INTOCPSASSOCIATION
@TECHREPORT{Pierce&18,
  AUTHOR        = "Ken Pierce and John Fitzgerald and Carl Gamble and Martin Mansfield and Richard Payne and Peter Gorm Larsen",
  TITLE         = "INTO-CPS Method Guidelines",
  INSTITUTION   = "INTO-CPS Association",
  YEAR          = "2018",
  MONTH         = "September",
  URL         = "\url{www.into-cps.org}",
  ANNOTE        = "",
  COMMENT       = ""}

%G INTOCPSASSOCIATION
@TECHREPORT{Larsen&18a,
  AUTHOR        = "Peter Gorm Larsen and Victor Bandur and Kenneth Lausdahl and Casper Thule and Carl Gamble and Richard Payne and Adrian Pop and Etienne Brosse and J{\"o}rg Brauer and Florian Lapschies and Marcel Groothuis and Tom Bokhove and Christian Kleijn and Luis Diogo Couto and Christian K{\"{o}}nig",
  TITLE         = "INTO-CPS Tool Chain User Manual",
  INSTITUTION   = "INTO-CPS Association",
  YEAR          = "2018",
  MONTH         = "September",
  URL         = "\url{www.into-cps.org}",
  ANNOTE        = "",
  COMMENT       = ""}

%G INTOCPSASSOCIATION
@TECHREPORT{Larsen&18b,
  AUTHOR        = "Peter Gorm Larsen and John Fitzgerald andJim Woodcock andChristian K{\"{o}}nig and Stylianos Basagiannis and Etienne Brosse and Claudio Gomes and Jos\'{e} Cabral and Hugo Daniel Macedo and Casper Thule and Andrey Sadovykh and Constantin-Bala Zamfirescu and Mihai Neghina and Ken Pierce and Carl Gamble and Richard Payne",
  TITLE         = "The INtegrated TOolchain for Cyber-Physical Systems (INTO-CPS): a Guide",
  INSTITUTION   = "INTO-CPS Association",
  YEAR          = "2018",
  MONTH         = "October",
  URL         = "\url{www.into-cps.org}",
  ANNOTE        = "",
  COMMENT       = ""}
